@misc{christey2007vulnerability,
  title={Vulnerability type distributions in {CVE}},
  author={Christey, Steve and Martin, Robert A},
  year={2007}
}
@article{Sadowski:2018:LBS:3200906.3188720,
    author = {Sadowski, Caitlin and Aftandilian, Edward and Eagle, Alex and Miller-Cushon, Liam and Jaspan, Ciera},
    title = {Lessons from Building Static Analysis Tools at Google},
    journal = {Commun. ACM},
    issue_date = {April 2018},
    volume = {61},
    number = {4},
    month = mar,
    year = {2018},
    issn = {0001-0782},
    pages = {58--66},
    numpages = {9},
    url = {http://doi.acm.org/10.1145/3188720},
    doi = {10.1145/3188720},
    acmid = {3188720},
    publisher = {ACM},
    address = {New York, NY, USA},
}