@misc{christey2007vulnerability,
  title={Vulnerability type distributions in {CVE}},
  author={Christey, Steve and Martin, Robert A},
  year={2007},
  publisher={GitHub}
}
@misc{rosylynsecguard,
    title={Roslyn {S}ecurity {G}uard},
    author={Philippe Arteau},
    year={2016}
}
@article{Sadowski:2018:LBS:3200906.3188720,
    author = {Sadowski, Caitlin and Aftandilian, Edward and Eagle, Alex and Miller-Cushon, Liam and Jaspan, Ciera},
    title = {Lessons from Building Static Analysis Tools at Google},
    journal = {Commun. ACM},
    issue_date = {April 2018},
    volume = {61},
    number = {4},
    month = mar,
    year = {2018},
    issn = {0001-0782},
    pages = {58--66},
    numpages = {9},
    url = {http://doi.acm.org/10.1145/3188720},
    doi = {10.1145/3188720},
    acmid = {3188720},
    publisher = {ACM},
    address = {New York, NY, USA},
}
@inproceedings{doupe2010johnny,
    title={Why {J}ohnny canâ€™t pentest: An analysis of black-box web vulnerability scanners},
    author={Doup{\'e}, Adam and Cova, Marco and Vigna, Giovanni},
    booktitle={International Conference on Detection of Intrusions and Malware, and Vulnerability Assessment},
    pages={111--131},
    year={2010},
    organization={Springer}
}
@book{benjaminpierce2002,
    author = {Benjamin Pierce},
    title = {Types and Programming Languages},
    publisher = {The MIT Press},
    year = {2002}
}
@article{denning1977certification,
    title={Certification of programs for secure information flow},
    author={Denning, Dorothy E and Denning, Peter J},
    journal={Communications of the ACM},
    volume={20},
    number={7},
    pages={504--513},
    year={1977},
    publisher={ACM}
}